<?xml version="1.0" encoding="UTF-8"?><collection><record><leader>04670ntm a2200553 a 4500</leader><controlfield tag="001">006805274</controlfield><controlfield tag="003">MiAaHDL</controlfield><controlfield tag="005">20190719000000.0</controlfield><controlfield tag="006">m        d        </controlfield><controlfield tag="007">cr bn ---auaua</controlfield><controlfield tag="008">090530s1335    xx            00| ||ara d</controlfield><datafield tag="035" ind1=" " ind2=" "><subfield code="a">(MiU)006805274</subfield></datafield><datafield tag="035" ind1=" " ind2=" "><subfield code="a">sdr-miu006805274</subfield></datafield><datafield tag="040" ind1=" " ind2=" "><subfield code="a">MiU</subfield><subfield code="c">MiU</subfield><subfield code="e">amremm</subfield></datafield><datafield tag="043" ind1=" " ind2=" "><subfield code="a">n-us-mi</subfield></datafield><datafield tag="100" ind1="1" ind2=" "><subfield code="6">880-01</subfield><subfield code="a">Nasafī, ʻUmar ibn Muḥammad,</subfield><subfield code="d">1068?-1142.</subfield></datafield><datafield tag="245" ind1="1" ind2="0"><subfield code="6">880-02</subfield><subfield code="a">Kitāb al-khilāfīyāt,</subfield><subfield code="f">[735, i.e. 1335].</subfield></datafield><datafield tag="246" ind1="3" ind2=" "><subfield code="6">880-04</subfield><subfield code="i">Title from GAL:</subfield><subfield code="a">Manẓūmah al-Nasafīyah fī al-khilāfīyāt</subfield></datafield><datafield tag="246" ind1="3" ind2=" "><subfield code="6">880-03</subfield><subfield code="i">Title from inner front cover:</subfield><subfield code="a">Manẓūmat al-khilāfīyāt</subfield></datafield><datafield tag="260" ind1=" " ind2=" "><subfield code="c">[1335].</subfield></datafield><datafield tag="300" ind1=" " ind2=" "><subfield code="a">131 leaves :</subfield><subfield code="b">paper ;</subfield><subfield code="c">180 x 125 (150 x 80) mm. bound to 180 x 135 mm.</subfield></datafield><datafield tag="500" ind1=" " ind2=" "><subfield code="a">Shelfmark: Ann Arbor, University of Michigan, Special Collections Library, Isl. Ms. 588</subfield></datafield><datafield tag="500" ind1=" " ind2=" "><subfield code="a">Origin: As appears in colophon on fol.130a, copied by Ṭāhir [Kāmil ?] ibn ʻUthmān. Copying completed ("atmamtuhu bi-ʻawn Allāh...") in the early morning of Saturday, 1st of Dhū al-Qaʻdah 735 [ca. 23 June 1335].</subfield></datafield><datafield tag="500" ind1=" " ind2=" "><subfield code="a">Accompanying materials: a. Inventory cataloguing slip in hand of Winifred Smeaton Thomas. -- b. Acquisitions slip from Yahuda. -- c. two slips of European paper with excerpts and comments (between fol.14-15 and fol.170-171).</subfield></datafield><datafield tag="500" ind1=" " ind2=" "><subfield code="a">Former shelfmark: From inner front cover and pasted label on spine, "IL 370a" (likely supplied by Yahuda, see acquisitions slip).</subfield></datafield><datafield tag="500" ind1=" " ind2=" "><subfield code="a">Binding: Pasteboard covered in dark brown leather; Type III binding (without flap); upper and lower cover carry vestiges of a polylobed central medallion (compare W 80-81) and border designs with gold-tooled dots and blind-tooled lines in a geometric pattern (compare BNF arabe 2898); doublures of striped cloth in blue, brown and white; much repaired, but in poor condition.</subfield></datafield><datafield tag="500" ind1=" " ind2=" "><subfield code="a">Support: non-European (likely Arab) laid paper; laid lines running vertically and spaced roughly 8 laid lines per cm; chain lines running horizontally faintly visible grouped in twos or possibly threes; groups spaced roughly 60 mm. apart.</subfield></datafield><datafield tag="500" ind1=" " ind2=" "><subfield code="a">Decoration: Text rubricated with section headings in red.</subfield></datafield><datafield tag="500" ind1=" " ind2=" "><subfield code="a">Script: Naskh; clear Eastern hand; essentially sans serif, kāf mashkūlah favored over kāf mabsūṭah; fully pointed and rarely vocalized; colophon in sans serif taʻlīq.</subfield></datafield><datafield tag="500" ind1=" " ind2=" "><subfield code="a">Layout: Written in two columns of 11 lines.</subfield></datafield><datafield tag="500" ind1=" " ind2=" "><subfield code="a">Collation: 2 VI (24), 2 V (44), 8 IV (108), 2 III (120), 5 I (130), 1 (131); catchwords lacking; pagination in pencil, Western numerals (referenced in cataloguing).</subfield></datafield><datafield tag="500" ind1=" " ind2=" "><subfield code="a">Colophon: "Scribal," rectangular, reads: "اتممته بعون الله وحسن توفيقه يوم السبت وقت الضحى في غرة ذي القعدة سنة خمس وثلثين وسبعمائة على يد العبد الضعيف المحتاج الى رحمة الله تعالى وغفرانه طاهر [كامل ؟] بن عثمان غفر الله لمن قرا ودعا لكاتبه بالمغفرة"</subfield></datafield><datafield tag="500" ind1=" " ind2=" "><subfield code="a">Explicit: "جنات عدن وقصور ناعمه"</subfield></datafield><datafield tag="500" ind1=" " ind2=" "><subfield code="a">Incipit: "بسم الاله رب كل عبد والحمد لله ولي الحمد ثم التحيات بغير عدد على النبي المصطفى محمد وبعد قد قال ابو حفص عمر..."</subfield></datafield><datafield tag="500" ind1=" " ind2=" "><subfield code="a">Title from opening on fol.4b.</subfield></datafield><datafield tag="500" ind1=" " ind2=" "><subfield code="a">Ms. codex.</subfield></datafield><datafield tag="510" ind1="4" ind2=" "><subfield code="a">Ḥājjī Khalīfah. Kashf al-ẓunūn,</subfield><subfield code="c">vi 195, no.13203</subfield></datafield><datafield tag="510" ind1="4" ind2=" "><subfield code="a">Brockelmann, C. GAL,</subfield><subfield code="c">I 428 ; SI 758</subfield></datafield><datafield tag="520" ind1="8" ind2=" "><subfield code="a">Versified treatise on the debated points of law. Description provided by Alison Vacca.</subfield></datafield><datafield tag="538" ind1=" " ind2=" "><subfield code="a">Mode of access: Internet.</subfield></datafield><datafield tag="541" ind1=" " ind2=" "><subfield code="a">Acquired in 1926 from the bookseller Isaac Benjamin S.E. Yahuda via purchase transacted on his behalf by Abraham Shalom Yahuda (1877-1951), his younger brother.</subfield></datafield><datafield tag="546" ind1=" " ind2=" "><subfield code="a">Arabic.</subfield></datafield><datafield tag="561" ind1=" " ind2=" "><subfield code="a">Several notes in different hands at head and end of text seem to be reading notes (citing texts referring to Imām al-Shāfiʻī, etc.) rather than ownership statements; text is thoroughly glossed; occasional marginal corrections.</subfield></datafield><datafield tag="650" ind1=" " ind2="0"><subfield code="a">Manuscripts, Arabic</subfield><subfield code="z">Michigan</subfield><subfield code="z">Ann Arbor.</subfield></datafield><datafield tag="650" ind1=" " ind2="0"><subfield code="a">Islamic law</subfield><subfield code="x">Interpretation and construction</subfield><subfield code="v">Early works to 1800.</subfield></datafield><datafield tag="700" ind1="0" ind2=" "><subfield code="6">880-05</subfield><subfield code="a">Ṭāhir ibn ʻUthmān,</subfield><subfield code="d">flourished 1335,</subfield><subfield code="e">scribe.</subfield></datafield><datafield tag="773" ind1="0" ind2=" "><subfield code="a">Yahuda Collection.</subfield></datafield><datafield tag="880" ind1="0" ind2=" "><subfield code="6">700-05/</subfield><subfield code="a">طاهر بن عثمان,</subfield><subfield code="e">ناسخ.</subfield></datafield><datafield tag="880" ind1="3" ind2=" "><subfield code="6">246-04/</subfield><subfield code="a">منظومة النسفية في الخلافيات</subfield></datafield><datafield tag="880" ind1="3" ind2=" "><subfield code="6">246-03/</subfield><subfield code="a">منظومة الخلافيات</subfield></datafield><datafield tag="880" ind1="1" ind2="0"><subfield code="6">245-02/</subfield><subfield code="a">كتاب الخلافيات,</subfield><subfield code="f">[735ه، 1335م].</subfield></datafield><datafield tag="880" ind1="1" ind2=" "><subfield code="6">100-01/</subfield><subfield code="a">نسفي، عمر بن محمد</subfield></datafield><datafield tag="CID" ind1=" " ind2=" "><subfield code="a">006805274</subfield></datafield><datafield tag="DAT" ind1="0" ind2=" "><subfield code="a">20190719102637.0</subfield><subfield code="b">20190719000000.0</subfield></datafield><datafield tag="DAT" ind1="1" ind2=" "><subfield code="a">20190719090653.0</subfield><subfield code="b">2019-07-19T16:11:30Z</subfield></datafield><datafield tag="DAT" ind1="2" ind2=" "><subfield code="a">2015-10-02T18:00:03Z</subfield></datafield><datafield tag="CAT" ind1=" " ind2=" "><subfield code="a">SDR-MIU</subfield><subfield code="d">EX LIBRIS - ALEPH</subfield><subfield code="l">prepare.pl-004-008</subfield></datafield><datafield tag="FMT" ind1=" " ind2=" "><subfield code="a">BK</subfield></datafield><datafield tag="HOL" ind1=" " ind2=" "><subfield code="0">sdr-miu006805274</subfield><subfield code="a">MiU</subfield><subfield code="b">SDR</subfield><subfield code="c">MIU</subfield><subfield code="p">mdp.39015079127158</subfield><subfield code="s">MIU</subfield><subfield code="1">006805274</subfield></datafield><datafield tag="974" ind1=" " ind2=" "><subfield code="b">MIU</subfield><subfield code="c">MIU</subfield><subfield code="d">20190719</subfield><subfield code="s">lit-dlps-dc</subfield><subfield code="u">mdp.39015079127158</subfield><subfield code="y">1335</subfield><subfield code="r">pd</subfield><subfield code="q">bib</subfield><subfield code="t">non-US bib date1 &lt; 1879</subfield></datafield></record></collection>